@article{wang2019repairing,
    url={https://arxiv.org/pdf/1901.10501v2},
    title={Repairing without Retraining: Avoiding Disparate Impact with Counterfactual Distributions}, 
    author={Hao Wang and Berk Ustun and Flavio P. Calmon},
    year={2019},
    eprint={1901.10501},
    archivePrefix={arXiv},
    primaryClass={cs.LG}
}

@misc{dwork2017decoupled,
    url={https://arxiv.org/pdf/1707.06613},
    title={Decoupled classifiers for fair and efficient machine learning}, 
    author={Cynthia Dwork and Nicole Immorlica and Adam Tauman Kalai and Max Leiserson},
    year={2017},
    eprint={1707.06613},
    archivePrefix={arXiv},
    primaryClass={cs.LG}
}

@article{bechavod2018penalizing,
    url={https://arxiv.org/pdf/1707.00044},
    title={Penalizing Unfairness in Binary Classification}, 
    author={Yahav Bechavod and Katrina Ligett},
    year={2018},
    eprint={1707.00044},
    archivePrefix={arXiv},
    primaryClass={cs.LG}
}