@article{Wang2019,
  doi = {10.1109/bigdata47090.2019.9005673},
  url = {https://doi.org/10.1109/bigdata47090.2019.9005673},
  year = {2019},
  month = dec,
  publisher = {{IEEE}},
  author = {Jingya Wang and Kareem Abdelfatah and Mohammed Korayem and Janani Balaji},
  title = {{DeepCarotene} -Job Title Classification with Multi-stream Convolutional Neural Network},
  booktitle = {2019 {IEEE} International Conference on Big Data (Big Data)}
}

@article{Ramraj2020,
  doi = {10.1109/cispsse49931.2020.9212209},
  url = {https://doi.org/10.1109/cispsse49931.2020.9212209},
  year = {2020},
  month = jul,
  publisher = {{IEEE}},
  author = {S Ramraj and V. Sivakumar and Kaushik Ramnath G},
  title = {Real-Time Resume Classification System Using {LinkedIn} Profile Descriptions},
  booktitle = {2020 International Conference on Computational Intelligence for Smart Power System and Sustainable Energy ({CISPSSE})}
}

@inproceedings{Boucher2015JobCB,
  url = {http://cs224d.stanford.edu/reports/BoucherEric.pdf},
  title={Job Classification Based on LinkedIn Summaries CS 224},
  author={D. E. Boucher and C. Renault},
  year={2015}
}

@article{VanHuynh2020,
  doi = {10.1109/rivf48685.2020.9140760},
  url = {https://arxiv.org/pdf/1912.12214.pdf},
  year = {2020},
  month = oct,
  publisher = {{arXiv}},
  author = {Tin Van Huynh and Kiet Van Nguyen and Ngan Luu-Thuy Nguyen and Anh Gia-Tuan Nguyen},
  title = {Job Prediction: From Deep Neural Network Models to Applications},
  booktitle = {2020 {RIVF} International Conference on Computing and Communication Technologies ({RIVF})}
}

@misc{sayfullina2017domain,
  url={https://arxiv.org/pdf/1707.05576},
  title={Domain Adaptation for Resume Classification Using Convolutional Neural Networks}, 
  author={Luiza Sayfullina and Eric Malmi and Yiping Liao and Alex Jung},
  year={2017},
  eprint={1707.05576},
  archivePrefix={arXiv},
  primaryClass={cs.CV}
}
